<record><leader>00000cas a22000007a 4500</leader><controlfield tag="001">15247385</controlfield><controlfield tag="008">870227d19141921inuwr ne      0    0eng d</controlfield><datafield ind1=" " ind2=" " tag="010"><subfield code="a">sn 87055656 </subfield></datafield><datafield ind1=" " ind2=" " tag="040"><subfield code="a">NPI</subfield><subfield code="b">eng</subfield><subfield code="c">NPI</subfield><subfield code="d">OCLCQ</subfield></datafield><datafield ind1=" " ind2=" " tag="042"><subfield code="a">msc</subfield></datafield><datafield ind1="0" ind2="0" tag="245"><subfield code="a">LaGrange Democrat-call.</subfield></datafield><datafield ind1=" " ind2=" " tag="260"><subfield code="a">LaGrange, Ind. :</subfield><subfield code="b">H.S.K. Bartholomew</subfield></datafield><datafield ind1=" " ind2=" " tag="300"><subfield code="a">v.</subfield></datafield><datafield ind1=" " ind2=" " tag="310"><subfield code="a">Weekly</subfield></datafield><datafield ind1="1" ind2=" " tag="362"><subfield code="a">Began in 1914? Ceased in 1921?</subfield></datafield><datafield ind1=" " ind2=" " tag="588"><subfield code="a">Description based on: No. 48 (Sept. 4, 1918).</subfield></datafield><datafield ind1=" " ind2=" " tag="752"><subfield code="a">United States</subfield><subfield code="b">Indiana</subfield><subfield code="c">LaGrange</subfield><subfield code="d">Lagrange.</subfield></datafield><datafield ind1="0" ind2="4" tag="780"><subfield code="t">LaGrange County Democrat (Lagrange, Ind. : 1903)</subfield><subfield code="w">(DLC)sn 97068720</subfield></datafield><datafield ind1="0" ind2="4" tag="780"><subfield code="t">Saturday call (Lagrange, Ind.)</subfield><subfield code="w">(DLC)sn 97068718</subfield></datafield><datafield ind1="0" ind2="0" tag="785"><subfield code="t">LaGrange news (Lagrange, Ind.)</subfield><subfield code="w">(DLC)sn 87055657</subfield></datafield></record>